%% This BibTeX bibliography file was created using BibDesk.
%% https://bibdesk.sourceforge.io/

%% Created for Elizabeth M Wolkovich at 2023-12-09 19:28:06 -0800 


%% Saved with string encoding Unicode (UTF-8) 



@book{Hubbell:2001vo,
	address = {Princeton},
	author = {Hubbell, S. P.},
	date-added = {2023-12-09 19:28:05 -0800},
	date-modified = {2023-12-09 19:28:05 -0800},
	publisher = {Princeton University Press},
	title = {The Unified Neutral Theory of Biodiversity},
	year = {2001}}

@article{davies2013,
	author = {Davies, T. Jonathan and Wolkovich, Elizabeth M. and Kraft, Nathan J. B. and Salamin, Nicolas and Allen, Jenica M. and Ault, Toby R. and Betancourt, Julio L. and Bolmgren, Kjell and Cleland, Elsa E. and Cook, Benjamin I. and Crimmins, Theresa M. and Mazer, Susan J. and McCabe, Gregory J. and Pau, Stephanie and Regetz, Jim and Schwartz, Mark D. and Travers, Steven E.},
	date-added = {2023-12-09 19:28:00 -0800},
	date-modified = {2023-12-09 19:28:00 -0800},
	journal = {Journal of Ecology},
	number = {6},
	pages = {1520--1530},
	title = {Phylogenetic conservatism in plant phenology},
	volume = {101},
	year = {2013}}

@article{inouye2019,
	author = {Inouye, B. D. and Ehrlen, J. and Underwood, N.},
	date-added = {2023-12-09 19:27:54 -0800},
	date-modified = {2023-12-09 19:27:54 -0800},
	journal = {Ecological Monographs},
	number = {2},
	title = {Phenology as a process rather than an event: from individual reaction norms to community metrics},
	volume = {89},
	year = {2019}}

@article{wolkovich2014aob,
	author = {Wolkovich, E. M. and Cleland, E. E.},
	date-added = {2023-12-09 19:27:42 -0800},
	date-modified = {2023-12-09 19:27:42 -0800},
	journal = {AoB Plants},
	pages = {plu013},
	title = {Phenological niches and the future of invaded ecosystems with climate change},
	volume = {6},
	year = {2014}}

@article{Chesson:2004eo,
	author = {Chesson, P. and Gebauer, R. L. E. and Schwinning, S. and Huntly, N. and Wiegand, K. and Ernest, M. S. K. and Sher, A. and Novoplansky, A. and Weltzin, J. F.},
	date-added = {2023-12-09 19:26:39 -0800},
	date-modified = {2023-12-09 19:26:39 -0800},
	journal = {Oecologia},
	number = {2},
	pages = {236-253},
	title = {Resource pulses, species interactions, and diversity maintenance in arid and semi-arid environments},
	volume = {141},
	year = {2004}}

@article{Chesson:1993gi,
	author = {Chesson, Peter and Huntly, Nancy},
	date-added = {2023-12-09 19:26:30 -0800},
	date-modified = {2023-12-09 19:26:30 -0800},
	journal = {Plant Species Biology},
	number = {2-3},
	pages = {195-206},
	title = {Temporal hierarchies of variation and the maintenance of diversity},
	volume = {8},
	year = {1993}}

@article{CHESSON:1994vn,
	author = {Chesson, P.},
	date-added = {2023-12-09 19:26:23 -0800},
	date-modified = {2023-12-09 19:26:23 -0800},
	journal = {Theoretical Population Biology},
	month = {Jun},
	number = {3},
	pages = {227--276},
	title = {Multispecies competition in variable environments},
	volume = {45},
	year = {1994}}

@article{Chesson:2000vd,
	author = {Chesson, P.},
	date-added = {2023-12-09 19:26:14 -0800},
	date-modified = {2023-12-09 19:26:14 -0800},
	journal = {Annual Review of Ecology and Systematics},
	pages = {343-366},
	title = {Mechanisms of maintenance of species diversity},
	volume = {31},
	year = {2000}}

@article{godoy2014,
	author = {Godoy, Oscar and Levine, Jonathan M.},
	date-added = {2023-12-09 19:26:03 -0800},
	date-modified = {2023-12-09 19:26:03 -0800},
	journal = {Ecology},
	number = {3},
	pages = {726-736},
	title = {Phenology effects on invasion success: insights from coupling field experiments to coexistence theory},
	volume = {95},
	year = {2014}}

@article{dan2021nph,
	author = {Buonaiuto, D. M. and Morales-Castilla, I. and Wolkovich, E. M.},
	date-added = {2023-12-09 19:25:55 -0800},
	date-modified = {2023-12-09 19:25:55 -0800},
	journal = {New Phytologist},
	number = {3},
	pages = {1206-1214},
	title = {Reconciling competing hypotheses regarding flower-leaf sequences in temperate forests for fundamental and global change biology},
	volume = {229},
	year = {2021}}

@incollection{gotelli1996,
	address = {Washington, DC},
	author = {Gotelli, N. J. and Graves, G. R.},
	booktitle = {Null Models in Ecology},
	date-added = {2023-12-09 19:25:50 -0800},
	date-modified = {2023-12-09 19:25:50 -0800},
	editor = {Gotelli, N. J. and Graves, G. R.},
	pages = {95-111},
	publisher = {Smithsonian Institution},
	title = {The temporal niche},
	year = {1996}}

@article{Morin:2009gt,
	author = {Morin, X. and Lechowicz, M. J. and Augspurger, C. and O' Keefe, J. and Viner, D. and Chuine, I.},
	date-added = {2023-12-09 19:25:44 -0800},
	date-modified = {2023-12-09 19:25:44 -0800},
	journal = {Global Change Biology},
	number = {4},
	pages = {961-975},
	title = {Leaf phenology in 22 North American tree species during the 21st century},
	volume = {15},
	year = {2009}}

@article{morin2007,
	author = {Morin, X. and Augspurger, C. and Chuine, I.},
	date-added = {2023-12-09 19:25:44 -0800},
	date-modified = {2023-12-09 19:25:44 -0800},
	journal = {Ecology},
	number = {9},
	pages = {2280-2291},
	title = {Process-based modeling of species' distributions: What limits temperate tree species' range boundaries?},
	volume = {88},
	year = {2007}}

@article{chuineJTB,
	author = {Chuine, I.},
	date-added = {2023-12-09 19:25:31 -0800},
	date-modified = {2023-12-09 19:25:31 -0800},
	journal = {Journal of Theoretical Biology},
	number = {3},
	pages = {337-347},
	title = {A unified model for budburst of trees},
	volume = {207},
	year = {2000}}

@article{cat2019,
	author = {Chamberlain, C. J. and Cook, B. I. and {Garc{\'{i}}a de Cort{\'{a}}zar-Atauri}, I. and Wolkovich, E. M.},
	date-added = {2023-12-09 19:25:23 -0800},
	date-modified = {2023-12-09 19:25:23 -0800},
	journal = {Global Change Biology},
	number = {7},
	pages = {2209-2220},
	title = {Rethinking false spring risk},
	volume = {25},
	year = {2019}}

@book{frostbook,
	author = {Sakai, A. K. and Larcher, W.},
	date-added = {2023-12-09 19:25:16 -0800},
	date-modified = {2023-12-09 19:25:16 -0800},
	publisher = {Springer-Verlag},
	series = {Ecological Studies},
	title = {Frost Survival of Plants},
	year = {1987}}

@article{memegan2021,
	author = {Wolkovich, E. M. and Donahue, M. J.},
	date-added = {2023-12-09 19:25:09 -0800},
	date-modified = {2023-12-09 19:25:09 -0800},
	journal = {Biological Reviews},
	title = {How phenological tracking shapes species and communities in non-stationary environments},
	year = {2021}}

@article{Lenz2013,
	author = {Lenz, A. and Hoch, G. and Vitasse, Y. and Korner, C.},
	date-added = {2023-12-09 19:24:55 -0800},
	date-modified = {2023-12-09 19:24:55 -0800},
	journal = {New Phytol},
	number = {4},
	pages = {1166-75},
	title = {European deciduous trees exhibit similar safety margins against damage by spring freeze events along elevational gradients},
	volume = {200},
	year = {2013}}
